<?xml version="1.0" encoding="UTF-8"?><record xmlns="http://www.loc.gov/MARC21/slim" xmlns:cinclude="http://apache.org/cocoon/include/1.0" xmlns:zs="http://www.loc.gov/zing/srw/">
  <leader>00807cz  a2200145n  4500</leader>
  <controlfield tag="001">n  00006634 </controlfield>
  <controlfield tag="003">DLC</controlfield>
  <controlfield tag="005">20120814074818.0</controlfield>
  <controlfield tag="008">000829n| acannaabn          |a ana      </controlfield>
  <datafield tag="010" ind1=" " ind2=" ">
    <subfield code="a">n  00006634 </subfield>
  </datafield>
  <datafield tag="040" ind1=" " ind2=" ">
    <subfield code="a">DLC</subfield>
    <subfield code="b">eng</subfield>
    <subfield code="c">DLC</subfield>
    <subfield code="d">DLC</subfield>
  </datafield>
  <datafield tag="111" ind1="2" ind2=" ">
    <subfield code="a">Berkeley-KVL Conference on Natural Resource Management--Design and Implementation of Multiple-Use Management</subfield>
  </datafield>
  <datafield tag="411" ind1="2" ind2=" ">
    <subfield code="a">Conference on Natural Resource Management--Design and Implementation of Multiple-Use Management, Berkeley-KVL</subfield>
  </datafield>
  <datafield tag="667" ind1=" " ind2=" ">
    <subfield code="a">THIS 1XX FIELD CANNOT BE USED UNDER RDA UNTIL THIS RECORD HAS BEEN REVIEWED AND/OR UPDATED</subfield>
  </datafield>
  <datafield tag="670" ind1=" " ind2=" ">
    <subfield code="a">Multiple use of forests ... c1999:</subfield>
    <subfield code="b">p. vii (2nd Berkeley-KVL Conference on Natural Resource Management--Design and Implementation of Multiple-Use Management, held 8/6-12/98, Royal Veterinary and Agricultural University)</subfield>
  </datafield>
</record>